@article{wallacecost,
	author = {{The Wallace Foundation}},
	title = {{Workbook F: Telephone Surveys}},
	url = {http://www.wallacefoundation.org/knowledge-center/after-school/collecting-and-using-data/Documents/Workbook-F-Telephone-Surveys.pdf},
	note = {{Accessed: 2014-09-01}}
} %replace this if we find a more academic source; Wallace Foundation seems well-known/legit though, so this should at least be credible

@article{tumblr2012food,
	journal={{Data Diversions}},
	year={2012},
	title={{What's the Safest Food in New York City?}},
	url={http://dfkoz.tumblr.com/post/15793807427/whats-the-safest-food-in-new-york-city}
}

@misc{nycrestaurants,
	author = {{NYC Open Data}},
	title = {{Restaurant Inspection Results}},
	howpublished = {\url{https://nycopendata.socrata.com/Health/Restaurant-Inspection-Results/4vkw-7nck}},
	note = {{Accessed: 2014-07-25}}
}

@article{pew2013facebook,
	journal={{Pew Research Center's Internet \& American Life Project}},
	year={2013},
	title={{Coming and Going on Facebook}},
	url={http://www.pewinternet.org/2013/02/05/coming-and-going-on-facebook/}
}

@article{pew2013abortion,
	journal={{Pew Research Center for the People \& the Press}},
	year={2013},
	title={{Widening Regional Divide over Abortion Laws}},
	url={http://www.people-press.org/2013/07/29/widening-regional-divide-over-abortion-laws/}
}

@article{ji2008bcs, 
	author={Shihao Ji and Ya Xue and Carin, L.}, 
	journal={Signal Processing, IEEE Transactions on}, 
	title={Bayesian Compressive Sensing}, 
	year={2008}, 
	month={June}, 
	volume={56}, 
	number={6}, 
	pages={2346-2356}, 
	keywords={Bayes methods;estimation theory;noise;signal reconstruction;signal representation;Bayesian compressive sensing framework;N-dimensional signal representation;noise variance;signal estimation;signal reconstruction;Additive noise;Bars;Bayesian methods;Design for experiments;Discrete wavelet transforms;Machine learning;Noise measurement;Performance evaluation;Transform coding;Vectors;Adaptive compressive sensing;Bayesian model selection;compressive sensing (CS);experimental design;relevance vector machine (RVM);sparse Bayesian learning}, 
	doi={10.1109/TSP.2007.914345}, 
	ISSN={1053-587X},
 }

@article{tipping2001rvm,
	title={Sparse Bayesian learning and the relevance vector machine},
	author={Tipping, Michael E},
	journal={The journal of machine learning research},
	volume={1},
	pages={211--244},
	year={2001},
	publisher={JMLR. org}
}

@book{bishop2006prml,
 author = {Bishop, Christopher M.},
 title = {Pattern Recognition and Machine Learning (Information Science and Statistics)},
 year = {2006},
 isbn = {0387310738},
 publisher = {Springer-Verlag New York, Inc.},
 address = {Secaucus, NJ, USA},
} 

@misc{cvx,
  author       = {Michael Grant and Stephen Boyd},
  title        = {{CVX}: Matlab Software for Disciplined Convex Programming, version 2.1},
  howpublished = {\url{http://cvxr.com/cvx}},
  month        = mar,
  year         = 2014
}

@incollection{grant2008cvx,
  author    = {Michael Grant and Stephen Boyd},
  title     = {Graph implementations for nonsmooth convex programs},
  booktitle = {Recent Advances in Learning and Control},
  series    = {Lecture Notes in Control and Information Sciences},
  editor    = {V. Blondel and S. Boyd and H. Kimura},
  publisher = {Springer-Verlag Limited},
  pages     = {95--110},
  year      = 2008,
  note      = {\url{http://stanford.edu/\textasciitilde boyd/graph\_dcp.html}}
}

@article{baraniuk2008rip,
year={2008},
issn={0176-4276},
journal={Constructive Approximation},
volume={28},
number={3},
doi={10.1007/s00365-007-9003-x},
title={A Simple Proof of the Restricted Isometry Property for Random Matrices},
url={http://dx.doi.org/10.1007/s00365-007-9003-x},
publisher={Springer-Verlag},
keywords={Compressed sensing; Sampling; Random matrices; Concentration inequalities; 15N2; 15A52; 60F10; 94A12; 94A20},
author={Baraniuk, Richard and Davenport, Mark and DeVore, Ronald and Wakin, Michael},
pages={253-263},
language={English}
}

@inproceedings{wu2012soil,
 author = {Wu, Xiaopei and Liu, Mingyan},
 title = {In-situ Soil Moisture Sensing: Measurement Scheduling and Estimation Using Compressive Sensing},
 booktitle = {Proceedings of the 11th International Conference on Information Processing in Sensor Networks},
 series = {IPSN '12},
 year = {2012},
 isbn = {978-1-4503-1227-1},
 location = {Beijing, China},
 pages = {1--12},
 numpages = {12},
 url = {http://doi.acm.org/10.1145/2185677.2185679},
 doi = {10.1145/2185677.2185679},
 acmid = {2185679},
 publisher = {ACM},
 address = {New York, NY, USA},
 keywords = {compressive sensing, measurements scheduling, soil moisture sensing},
}

@article {yao2011earthquake,
author = {Yao, Huajian and Gerstoft, Peter and Shearer, Peter M. and Mecklenbr√§uker, Christoph},
title = {Compressive sensing of the Tohoku-Oki Mw 9.0 earthquake: Frequency-dependent rupture modes},
journal = {Geophysical Research Letters},
volume = {38},
number = {20},
issn = {1944-8007},
url = {http://dx.doi.org/10.1029/2011GL049223},
doi = {10.1029/2011GL049223},
pages = {n/a--n/a},
keywords = {Tohoku-Oki earthquake, compressive sensing, earthquake rupture, energy radiation},
year = {2011},
}

@article{candes2007sparsity,
  title={Sparsity and incoherence in compressive sampling},
  author={Candes, Emmanuel and Romberg, Justin},
  journal={Inverse problems},
  volume={23},
  number={3},
  pages={969},
  year={2007},
  publisher={IOP Publishing}
}

@article{candes2006stable,
  title={Stable signal recovery from incomplete and inaccurate measurements},
  author={Candes, Emmanuel J and Romberg, Justin K and Tao, Terence},
  journal={Communications on pure and applied mathematics},
  volume={59},
  number={8},
  pages={1207--1223},
  year={2006},
  publisher={Wiley Online Library}
}

@article{smith1993bayesian,
  title={Bayesian computation via the Gibbs sampler and related Markov chain Monte Carlo methods},
  author={Smith, Adrian FM and Roberts, Gareth O},
  journal={Journal of the Royal Statistical Society. Series B (Methodological)},
  pages={3--23},
  year={1993},
  publisher={JSTOR}
}

@phdthesis{beal2003variational,
  title={Variational algorithms for approximate Bayesian inference},
  author={Beal, Matthew James},
  year={2003},
  school={University of London}
}

@Manual{rpackage,
    title = {R: A Language and Environment for Statistical Computing},
    author = {{R Core Team}},
    organization = {R Foundation for Statistical Computing},
    address = {Vienna, Austria},
    year = {2014},
    url = {http://www.R-project.org/},
  }
  
@Manual{anesrake,
    title = {anesrake: ANES Raking Implementation},
    author = {Josh Pasek},
    year = {2012},
    note = {R package version 0.70},
    url = {http://CRAN.R-project.org/package=anesrake},
  }
